@online {dataInternetUsage,
  title = {How many websites are there?},
  url = {https://siteefy.com/how-many-websites-are-there/},
  organization = {Siteefy},
  year = {2021},
}
